<record><leader>00000cas a22000007a 4500</leader><controlfield tag="001">39314633</controlfield><controlfield tag="008">980619d19001909tnuwr ne      0    0eng d</controlfield><datafield ind1=" " ind2=" " tag="010"><subfield code="a">sn 98069848 </subfield></datafield><datafield ind1=" " ind2=" " tag="040"><subfield code="a">TGN</subfield><subfield code="b">eng</subfield><subfield code="c">TGN</subfield><subfield code="d">OCLCQ</subfield><subfield code="d">OCLCF</subfield><subfield code="d">OCLCO</subfield></datafield><datafield ind1="1" ind2=" " tag="029"><subfield code="a">AU@</subfield><subfield code="b">000014018268</subfield></datafield><datafield ind1=" " ind2=" " tag="042"><subfield code="a">msc</subfield></datafield><datafield ind1=" " ind2=" " tag="043"><subfield code="a">n-us-tn</subfield></datafield><datafield ind1="0" ind2=" " tag="130"><subfield code="a">Plain talk (Newport, Tenn.)</subfield></datafield><datafield ind1="1" ind2="0" tag="245"><subfield code="a">Plain talk.</subfield></datafield><datafield ind1=" " ind2=" " tag="260"><subfield code="a">Newport, Tenn. :</subfield><subfield code="b">Plain Talk Pub. Co.</subfield></datafield><datafield ind1=" " ind2=" " tag="300"><subfield code="a">v.</subfield></datafield><datafield ind1=" " ind2=" " tag="310"><subfield code="a">Weekly</subfield></datafield><datafield ind1="1" ind2=" " tag="362"><subfield code="a">Began in 1900 ; ceased in 1909.</subfield></datafield><datafield ind1=" " ind2=" " tag="500"><subfield code="a">Publishers: Plain Talk Pub. Co., 1900-&lt;1906&gt;</subfield></datafield><datafield ind1=" " ind2=" " tag="500"><subfield code="a">Editors: W.C. Anderson, 1900-1902; W.C. Anderson's Sons, 1902-1906; M.A. Roadman &amp; Hubert C. Anderson, 1906-1908; M.A. Roadman, 1908-1909; Hubert &amp; Robert Anderson, &lt;1909&gt;</subfield></datafield><datafield ind1=" " ind2=" " tag="588"><subfield code="a">Description based on: Vol. 1, no. 23 (Dec. 1, 1900).</subfield></datafield><datafield ind1=" " ind2="0" tag="651"><subfield code="a">Newport (Tenn.)</subfield><subfield code="v">Newspapers.</subfield></datafield><datafield ind1=" " ind2="0" tag="651"><subfield code="a">Cocke County (Tenn.)</subfield><subfield code="v">Newspapers.</subfield></datafield><datafield ind1=" " ind2="7" tag="655"><subfield code="a">Newspapers.</subfield><subfield code="2">fast</subfield><subfield code="0">(OCoLC)fst01423814</subfield></datafield><datafield ind1=" " ind2="7" tag="651"><subfield code="a">Tennessee</subfield><subfield code="z">Cocke County.</subfield><subfield code="2">fast</subfield><subfield code="0">(OCoLC)fst01262672</subfield></datafield><datafield ind1=" " ind2="7" tag="651"><subfield code="a">Tennessee</subfield><subfield code="z">Newport.</subfield><subfield code="2">fast</subfield><subfield code="0">(OCoLC)fst01229015</subfield></datafield><datafield ind1=" " ind2=" " tag="752"><subfield code="a">United States</subfield><subfield code="b">Tennessee</subfield><subfield code="c">Cocke</subfield><subfield code="d">Newport.</subfield></datafield><datafield ind1="0" ind2="0" tag="785"><subfield code="t">Newport plain talk (Newport, Tenn. : 1909)</subfield><subfield code="w">(DLC)sn 89058216</subfield></datafield></record>